<record><leader>00000cas a22000007a 4500</leader><controlfield tag="001">9311965</controlfield><controlfield tag="008">830315d18571857maumr ne      0    0eng d</controlfield><controlfield tag="009">3768</controlfield><datafield ind1=" " ind2=" " tag="010"><subfield code="a">sn 83020260 </subfield></datafield><datafield ind1=" " ind2=" " tag="040"><subfield code="a">NPX</subfield><subfield code="b">eng</subfield><subfield code="c">NPX</subfield><subfield code="d">OCLCQ</subfield></datafield><datafield ind1=" " ind2=" " tag="042"><subfield code="a">msc</subfield></datafield><datafield ind1=" " ind2=" " tag="043"><subfield code="a">n-us-ma</subfield></datafield><datafield ind1="0" ind2="4" tag="245"><subfield code="a">The Inkstand.</subfield></datafield><datafield ind1=" " ind2=" " tag="260"><subfield code="a">Fitchburg [Mass.] :</subfield><subfield code="b">Capt. Sidney,</subfield><subfield code="c">1857.</subfield></datafield><datafield ind1=" " ind2=" " tag="300"><subfield code="a">v. ;</subfield><subfield code="c">31 cm.</subfield></datafield><datafield ind1=" " ind2=" " tag="310"><subfield code="a">Monthly</subfield></datafield><datafield ind1="0" ind2=" " tag="362"><subfield code="a">Vol. 1, no. 1 (Mar. 1857)-v. 1, no. 2 (Apr. 1857).</subfield></datafield><datafield ind1=" " ind2=" " tag="580"><subfield code="a">Merged with: The Reporter (non-extant?), to form: Inkstand and reporter.</subfield></datafield><datafield ind1=" " ind2=" " tag="752"><subfield code="a">United State</subfield><subfield code="b">Massachusetts</subfield><subfield code="c">Worcester</subfield><subfield code="d">Fitchburg.</subfield></datafield><datafield ind1="1" ind2="7" tag="785"><subfield code="t">Reporter</subfield></datafield><datafield ind1="1" ind2="7" tag="785"><subfield code="t">Inkstand and reporter</subfield><subfield code="w">(DLC)sn 83020261</subfield></datafield><datafield ind1=" " ind2=" " tag="936"><subfield code="a">1857 Apr.</subfield></datafield></record>